<?xml version="1.0" encoding="UTF-8"?><collection xmlns="http://www.loc.gov/MARC21/slim"><record><leader>00550nam--2200181-i-4500</leader><controlfield tag="001">000031968</controlfield><controlfield tag="002">20161230</controlfield><controlfield tag="005">20161230201038</controlfield><controlfield tag="008">060222s1000------------r-----000-0-fre-d</controlfield><datafield ind1=" " ind2=" " tag="040"><subfield code="a">IFIN-HH</subfield></datafield><datafield ind1=" " ind2=" " tag="041"><subfield code="a">fre</subfield></datafield><datafield ind1=" " ind2=" " tag="080"><subfield code="a">539.12.162.8(043)</subfield></datafield><datafield ind1="1" ind2=" " tag="100"><subfield code="a">Michel, Bernard</subfield></datafield><datafield ind1="1" ind2="0" tag="245"><subfield code="a">Etude de la reaction d`electroproduction (...): facteur de forme et rayon electromagnetique du pion</subfield><subfield code="b">These</subfield><subfield code="c">Bernard michel</subfield></datafield><datafield ind1=" " ind2=" " tag="260"><subfield code="a">Clermont-ferrand</subfield><subfield code="b">Universite De Clermont</subfield><subfield code="c">1977</subfield></datafield><datafield ind1=" " ind2=" " tag="300"><subfield code="a">166P</subfield></datafield><datafield ind1=" " ind2=" " tag="852"><subfield code="a">46420</subfield><subfield code="c">539.12</subfield></datafield><datafield ind1=" " ind2=" " tag="CAT"><subfield code="a">Sys</subfield><subfield code="c">20111206</subfield><subfield code="h">091951</subfield></datafield></record></collection>